%% This BibTeX bibliography file was created using BibDesk.
%% http://bibdesk.sourceforge.net/

%% Created for Dan Foreman-Mackey at 2018-08-29 11:36:05 -0400 


%% Saved with string encoding Unicode (UTF-8) 



@article{Fulton:2018,
	Adsnote = {Provided by the SAO/NASA Astrophysics Data System},
	Adsurl = {http://adsabs.harvard.edu/abs/2018PASP..130d4504F},
	Archiveprefix = {arXiv},
	Author = {{Fulton}, B.~J. and {Petigura}, E.~A. and {Blunt}, S. and {Sinukoff}, E.},
	Date-Added = {2018-08-17 08:42:17 -0400},
	Date-Modified = {2018-08-17 08:42:18 -0400},
	Doi = {10.1088/1538-3873/aaaaa8},
	Eprint = {1801.01947},
	Journal = {\pasp},
	Month = apr,
	Number = 4,
	Pages = {044504},
	Primaryclass = {astro-ph.IM},
	Title = {{RadVel: The Radial Velocity Modeling Toolkit}},
	Volume = 130,
	Year = 2018,
	Bdsk-Url-1 = {https://doi.org/10.1088/1538-3873/aaaaa8}}

@article{Mandel:2002,
	Adsnote = {Provided by the SAO/NASA Astrophysics Data System},
	Adsurl = {http://adsabs.harvard.edu/abs/2002ApJ...580L.171M},
	Author = {{Mandel}, K. and {Agol}, E.},
	Date-Added = {2018-07-05 09:24:20 +0000},
	Date-Modified = {2018-07-05 09:24:41 +0000},
	Doi = {10.1086/345520},
	Eprint = {astro-ph/0210099},
	Journal = {\apjl},
	Keywords = {Stars: Binaries: Eclipsing, Eclipses, Occultations, Stars: Planetary Systems},
	Month = dec,
	Pages = {L171-L175},
	Title = {{Analytic Light Curves for Planetary Transit Searches}},
	Volume = 580,
	Year = 2002,
	Bdsk-Url-1 = {https://doi.org/10.1086/345520}}

@article{Kreidberg:2015,
	Adsnote = {Provided by the SAO/NASA Astrophysics Data System},
	Adsurl = {http://adsabs.harvard.edu/abs/2015PASP..127.1161K},
	Archiveprefix = {arXiv},
	Author = {{Kreidberg}, L.},
	Date-Added = {2018-07-05 09:08:49 +0000},
	Date-Modified = {2018-07-05 09:24:42 +0000},
	Doi = {10.1086/683602},
	Eprint = {1507.08285},
	Journal = {\pasp},
	Month = nov,
	Pages = {1161},
	Primaryclass = {astro-ph.EP},
	Title = {{batman: BAsic Transit Model cAlculatioN in Python}},
	Volume = 127,
	Year = 2015,
	Bdsk-Url-1 = {https://doi.org/10.1086/683602}}

@article{Angus:2018,
	Adsnote = {Provided by the SAO/NASA Astrophysics Data System},
	Adsurl = {http://adsabs.harvard.edu/abs/2018MNRAS.474.2094A},
	Archiveprefix = {arXiv},
	Author = {{Angus}, R. and {Morton}, T. and {Aigrain}, S. and {Foreman-Mackey}, D. and {Rajpaul}, V.},
	Date-Added = {2018-01-28 18:27:18 +0000},
	Date-Modified = {2018-01-28 18:27:19 +0000},
	Doi = {10.1093/mnras/stx2109},
	Eprint = {1706.05459},
	Journal = {\mnras},
	Keywords = {methods: data analysis, methods: statistical, techniques: photometric, stars: rotation, stars: solar-type, starspots},
	Month = feb,
	Pages = {2094-2108},
	Primaryclass = {astro-ph.SR},
	Title = {{Inferring probabilistic stellar rotation periods using Gaussian processes}},
	Volume = 474,
	Year = 2018,
	Bdsk-Url-1 = {https://dx.doi.org/10.1093/mnras/stx2109}}

@misc{Foreman-Mackey:2018,
	Author = {Dan Foreman-Mackey},
	Date-Added = {2018-01-25 20:39:11 +0000},
	Date-Modified = {2018-01-30 18:49:19 +0000},
	Doi = {10.5281/zenodo.1160614},
	Month = jan,
	Title = {celerite-grad},
	Year = 2018,
	Bdsk-Url-1 = {https://doi.org/10.5281/zenodo.1160614}}

@article{LeCun:2015,
	Author = {LeCun, Yann and Bengio, Yoshua and Hinton, Geoffrey},
	Date-Added = {2018-01-25 20:08:24 +0000},
	Date-Modified = {2018-01-25 20:08:25 +0000},
	Journal = {Nature},
	Number = {7553},
	Pages = {436--444},
	Publisher = {Nature Research},
	Title = {Deep learning},
	Volume = {521},
	Year = {2015}}

@article{Ambikasaran:2015,
	Author = {Sivaram Ambikasaran},
	Date-Added = {2018-01-25 20:03:23 +0000},
	Date-Modified = {2018-02-07 18:39:15 +0000},
	Doi = {10.1002/nla.2003},
	Journal = {NLAA},
	Month = {jun},
	Number = {6},
	Pages = {1102--1114},
	Publisher = {Wiley-Blackwell},
	Title = {Generalized Rybicki Press algorithm},
	Volume = {22},
	Year = {2015},
	Bdsk-Url-1 = {http://dx.doi.org/10.1002/nla.2003}}

@inproceedings{Abadi:2016,
	Author = {Abadi, Mart{\'\i}n and Barham, Paul and Chen, Jianmin and Chen, Zhifeng and Davis, Andy and Dean, Jeffrey and Devin, Matthieu and Ghemawat, Sanjay and Irving, Geoffrey and Isard, Michael and others},
	Booktitle = {OSDI},
	Date-Added = {2018-01-25 17:27:13 +0000},
	Date-Modified = {2018-01-25 17:27:14 +0000},
	Pages = {265--283},
	Title = {TensorFlow: A System for Large-Scale Machine Learning.},
	Volume = {16},
	Year = {2016}}

@article{Carpenter:2015,
	Adsnote = {Provided by the SAO/NASA Astrophysics Data System},
	Adsurl = {http://adsabs.harvard.edu/abs/2015arXiv150907164C},
	Author = {{Carpenter}, B. and {Hoffman}, M.~D. and {Brubaker}, M. and {Lee}, D. and {Li}, P. and {Betancourt}, M.},
	Date-Added = {2018-01-25 17:25:39 +0000},
	Date-Modified = {2018-01-30 18:48:23 +0000},
	Eprint = {1509.07164},
	Journal = {ArXiv},
	Keywords = {Computer Science - Mathematical Software, G.1.0, G.1.3, G.1.4, F.2.1},
	Month = sep,
	Primaryclass = {cs.MS},
	Title = {{The Stan Math Library: Reverse-Mode Automatic Differentiation in C++}},
	Year = 2015}

@article{Luger:2016,
	Adsnote = {Provided by the SAO/NASA Astrophysics Data System},
	Adsurl = {http://adsabs.harvard.edu/abs/2016AJ....152..100L},
	Archiveprefix = {arXiv},
	Author = {{Luger}, R. and {Agol}, E. and {Kruse}, E. and {Barnes}, R. and {Becker}, A. and {Foreman-Mackey}, D. and {Deming}, D.},
	Date-Added = {2018-01-22 18:24:24 +0000},
	Date-Modified = {2018-01-22 18:24:24 +0000},
	Doi = {10.3847/0004-6256/152/4/100},
	Eid = {100},
	Eprint = {1607.00524},
	Journal = {\aj},
	Keywords = {catalogs, planets and satellites: detection, techniques: photometric},
	Month = oct,
	Pages = {100},
	Primaryclass = {astro-ph.EP},
	Title = {{EVEREST: Pixel Level Decorrelation of K2 Light Curves}},
	Volume = 152,
	Year = 2016,
	Bdsk-Url-1 = {http://dx.doi.org/10.3847/0004-6256/152/4/100}}

@article{Bond:1987,
	Author = {J. R. Bond and G. Efstathiou},
	Date-Added = {2018-01-22 17:34:37 +0000},
	Date-Modified = {2018-01-22 18:44:48 +0000},
	Doi = {10.1093/mnras/226.3.655},
	Journal = {\mnras},
	Month = {jun},
	Number = {3},
	Pages = {655--687},
	Publisher = {Oxford University Press ({OUP})},
	Title = {The statistics of cosmic background radiation fluctuations},
	Volume = {226},
	Year = {1987},
	Bdsk-Url-1 = {https://doi.org/10.1093%2Fmnras%2F226.3.655},
	Bdsk-Url-2 = {http://dx.doi.org/10.1093/mnras/226.3.655}}

@article{Wandelt:2003,
	Adsnote = {Provided by the SAO/NASA Astrophysics Data System},
	Adsurl = {http://adsabs.harvard.edu/abs/2003PhRvD..67b3001W},
	Author = {{Wandelt}, B.~D. and {Hansen}, F.~K.},
	Date-Added = {2018-01-22 17:34:37 +0000},
	Date-Modified = {2018-01-22 17:34:37 +0000},
	Doi = {10.1103/PhysRevD.67.023001},
	Eid = {023001},
	Eprint = {astro-ph/0106515},
	Journal = {\prd},
	Keywords = {Background radiations},
	Month = jan,
	Number = 2,
	Pages = {023001},
	Title = {{Fast, exact CMB power spectrum estimation for a certain class of observational strategies}},
	Volume = 67,
	Year = 2003,
	Bdsk-Url-1 = {http://dx.doi.org/10.1103/PhysRevD.67.023001}}

@article{Czekala:2017,
	Adsnote = {Provided by the SAO/NASA Astrophysics Data System},
	Adsurl = {http://adsabs.harvard.edu/abs/2017ApJ...840...49C},
	Archiveprefix = {arXiv},
	Author = {{Czekala}, I. and {Mandel}, K.~S. and {Andrews}, S.~M. and {Dittmann}, J.~A. and {Ghosh}, S.~K. and {Montet}, B.~T. and {Newton}, E.~R.},
	Date-Added = {2018-01-22 17:32:13 +0000},
	Date-Modified = {2018-01-22 17:32:13 +0000},
	Doi = {10.3847/1538-4357/aa6aab},
	Eid = {49},
	Eprint = {1702.05652},
	Journal = {\apj},
	Keywords = {binaries: spectroscopic, celestial mechanics, stars: fundamental parameters, stars: individual: LP661-13, techniques: radial velocities, techniques: spectroscopic},
	Month = may,
	Pages = {49},
	Primaryclass = {astro-ph.SR},
	Title = {{Disentangling Time-series Spectra with Gaussian Processes: Applications to Radial Velocity Analysis}},
	Volume = 840,
	Year = 2017,
	Bdsk-Url-1 = {http://dx.doi.org/10.3847/1538-4357/aa6aab}}

@article{Wang:2012,
	Adsnote = {Provided by the SAO/NASA Astrophysics Data System},
	Adsurl = {http://adsabs.harvard.edu/abs/2012ApJ...756...67W},
	Archiveprefix = {arXiv},
	Author = {{Wang}, Y. and {Khardon}, R. and {Protopapas}, P.},
	Date-Added = {2018-01-22 17:32:03 +0000},
	Date-Modified = {2018-01-22 17:32:03 +0000},
	Doi = {10.1088/0004-637X/756/1/67},
	Eid = {67},
	Eprint = {1111.1315},
	Journal = {\apj},
	Keywords = {methods: data analysis, methods: statistical, stars: variables: general},
	Month = sep,
	Pages = {67},
	Primaryclass = {cs.LG},
	Title = {{Nonparametric Bayesian Estimation of Periodic Light Curves}},
	Volume = 756,
	Year = 2012,
	Bdsk-Url-1 = {http://dx.doi.org/10.1088/0004-637X/756/1/67}}

@article{Brewer:2009,
	Author = {B. J. Brewer and D. Stello},
	Date-Added = {2018-01-22 17:27:08 +0000},
	Date-Modified = {2018-01-22 18:44:55 +0000},
	Doi = {10.1111/j.1365-2966.2009.14679.x},
	Journal = {\mnras},
	Month = {jun},
	Number = {4},
	Pages = {2226--2233},
	Publisher = {Oxford University Press ({OUP})},
	Title = {Gaussian process modelling of asteroseismic data},
	Volume = {395},
	Year = {2009},
	Bdsk-Url-1 = {https://doi.org/10.1111%2Fj.1365-2966.2009.14679.x},
	Bdsk-Url-2 = {http://dx.doi.org/10.1111/j.1365-2966.2009.14679.x}}

@article{Kelly:2014,
	Author = {Brandon C. Kelly and Andrew C. Becker and Malgosia Sobolewska and Aneta Siemiginowska and Phil Uttley},
	Date-Added = {2018-01-22 17:26:50 +0000},
	Date-Modified = {2018-01-22 18:45:21 +0000},
	Doi = {10.1088/0004-637x/788/1/33},
	Journal = {\apj},
	Month = {may},
	Number = {1},
	Pages = {33},
	Publisher = {{IOP} Publishing},
	Title = {{FLEXIBLE} {AND} {SCALABLE} {METHODS} {FOR} {QUANTIFYING} {STOCHASTIC} {VARIABILITY} {IN} {THE} {ERA} {OF} {MASSIVE} {TIME}-{DOMAIN} {ASTRONOMICAL} {DATA} {SETS}},
	Volume = {788},
	Year = {2014},
	Bdsk-Url-1 = {http://dx.doi.org/10.1088/0004-637X/788/1/33},
	Bdsk-Url-2 = {http://dx.doi.org/10.1088/0004-637x/788/1/33}}

@article{Rajpaul:2015,
	Author = {V. Rajpaul and S. Aigrain and M. A. Osborne and S. Reece and S. Roberts},
	Date-Added = {2018-01-22 17:26:39 +0000},
	Date-Modified = {2018-01-22 18:45:39 +0000},
	Doi = {10.1093/mnras/stv1428},
	Journal = {\mnras},
	Month = {jul},
	Number = {3},
	Pages = {2269--2291},
	Publisher = {Oxford University Press ({OUP})},
	Title = {A Gaussian process framework for modelling stellar activity signals in radial velocity data},
	Volume = {452},
	Year = {2015},
	Bdsk-Url-1 = {https://doi.org/10.1093%2Fmnras%2Fstv1428},
	Bdsk-Url-2 = {http://dx.doi.org/10.1093/mnras/stv1428}}

@article{Haywood:2014,
	Author = {R. D. Haywood and A. Collier Cameron and D. Queloz and S. C. C. Barros and M. Deleuil and R. Fares and M. Gillon and A. F. Lanza and C. Lovis and C. Moutou and F. Pepe and D. Pollacco and A. Santerne and D. Segransan and Y. C. Unruh},
	Date-Added = {2018-01-22 17:26:25 +0000},
	Date-Modified = {2018-01-22 18:45:11 +0000},
	Doi = {10.1093/mnras/stu1320},
	Journal = {\mnras},
	Month = {jul},
	Number = {3},
	Pages = {2517--2531},
	Publisher = {Oxford University Press ({OUP})},
	Title = {Planets and stellar activity: hide and seek in the {CoRoT}-7 system},
	Volume = {443},
	Year = {2014},
	Bdsk-Url-1 = {https://doi.org/10.1093%2Fmnras%2Fstu1320},
	Bdsk-Url-2 = {http://dx.doi.org/10.1093/mnras/stu1320}}

@book{Rasmussen:2006,
	Adsurl = {http://www.gaussianprocess.org/gpml/},
	Author = {{Rasmussen}, C.~E. and {Williams}, K.~I.},
	Booktitle = {Cambridge: MIT Press},
	Date-Added = {2018-01-22 17:22:44 +0000},
	Date-Modified = {2018-01-22 17:22:46 +0000},
	Publisher = {{MIT Press}},
	Title = {{Gaussian Processes for Machine Learning}},
	Year = 2006}

@article{Murray:2016,
	Adsnote = {Provided by the SAO/NASA Astrophysics Data System},
	Adsurl = {http://adsabs.harvard.edu/abs/2016arXiv160207527M},
	Author = {{Murray}, I.},
	Date-Added = {2018-01-22 17:17:55 +0000},
	Date-Modified = {2018-01-22 17:18:46 +0000},
	Eprint = {1602.07527},
	Journal = {ArXiv},
	Keywords = {Statistics - Computation, Computer Science - Mathematical Software},
	Month = feb,
	Primaryclass = {stat.CO},
	Title = {{Differentiation of the Cholesky decomposition}},
	Year = 2016}

@techreport{Giles:2008,
	Author = {Giles, Mike},
	Date-Added = {2018-01-22 17:11:39 +0000},
	Date-Modified = {2018-01-22 17:15:24 +0000},
	Institution = {Oxford University Computing Laboratory},
	Number = {NA-08/01},
	Title = {An extended collection of matrix derivative results for forward and reverse mode automatic differentiation},
	Year = {2008}}

@article{Foreman-Mackey:2017,
	Adsnote = {Provided by the SAO/NASA Astrophysics Data System},
	Adsurl = {http://adsabs.harvard.edu/abs/2017AJ....154..220F},
	Archiveprefix = {arXiv},
	Author = {{Foreman-Mackey}, D. and {Agol}, E. and {Ambikasaran}, S. and {Angus}, R.},
	Date-Added = {2018-01-22 17:07:37 +0000},
	Date-Modified = {2018-01-22 17:07:37 +0000},
	Doi = {10.3847/1538-3881/aa9332},
	Eid = {220},
	Eprint = {1703.09710},
	Journal = {\aj},
	Keywords = {asteroseismology, methods: data analysis, methods: statistical, planetary systems, stars: rotation},
	Month = dec,
	Pages = {220},
	Primaryclass = {astro-ph.IM},
	Title = {{Fast and Scalable Gaussian Process Modeling with Applications to Astronomical Time Series}},
	Volume = 154,
	Year = 2017,
	Bdsk-Url-1 = {https://dx.doi.org/10.3847/1538-3881/aa9332}}
